\\tut.bib

@book{
    goossens04,
    author    =  {Frank Mittelbach and Michel Goossens and Johannes Braams and David Carlisle and Chris Rowley},
    title     = {The \LaTeX{} Companion (Tools and Techniques for Computer Typesetting)},
    year      = {2004},
    edition =2nd},
    publisher = {Addison-Wesley},
    address   = {Reading, MA}
    ISBN      = {978-0201362992}
}

@book{
    kottwitz11,
    author    = {Stefan Kottwitz },
    title     = {\LaTeX{} Beginner's Guide},
    year      = {2011},
    publisher = {Packt Publishing},
    address   = {Birmingham, UK},
    ISBN      = {978-1847199867}
}

@book{
    kottwitz15,
    author    = {Stefan Kottwitz },
    title     = {\LaTeX{} Cookbook},
    year      = {2015},
    publisher = {Packt Publishing},
    address   = {Birmingham, UK},
    ISBN      = { 978-1784395148}
}

@book{
    gratzer14,
    author    = {George Gr{\''a}tzer},
    title     = {Practical \LaTeX{}},
    year      = {2014},
    publisher = {Springer},
    address   = {New York, NY},
    ISBN      = {978-1847199867}
}

@misc{oetiker15,
  author = {Tobias Oetiker and Hubert Partl and Irene Hyna and Elisabeth Schlegl},
  title = {The Not So Short Introduction to \LaTeXe{}},
  howpublished = "\url{http://tug.ctan.org/info/lshort/english/lshort.pdf}",
  year = {2015}, 
  note = "[Online; accessed August 2, 2016]"
}

@misc{pakin15,
  author = {Scott Pakin},
  title = {PThe Comprehensive LATEX Symbol List},
  howpublished = "\url{http://tug.ctan.org/info/symbols/comprehensive/symbols-letter.pdf}",
  year = {2015}, 
  note = "[Online; accessed August 2, 2016]"
}

@misc{carter16,
  author = {Charles Carter},
  title = {Another Short Tutorial to \LaTeXe{}},
  howpublished = "\url{https://github.com/ccc31807/latex-short-intro}",
  year = {2016}, 
  note = "[Online; accessed August 2, 2016]"
}
